@Misc{Howard,
  author        = {Heidi Howard and Fritz Alder and Edward Ashton and Amaury Chamayou and Sylvan Clebsch and Manuel Costa and Antoine Delignat-Lavaud and Cedric Fournet and Andrew Jeffery and Matthew Kerner and Fotios Kounelis and Markus A. Kuppe and Julien Maffre and Mark Russinovich and Christoph M. Wintersteiger},
  title         = {Confidential Consortium Framework: Secure Multiparty Applications with Confidentiality, Integrity, and High Availability},
  year          = {2023},
  archiveprefix = {arXiv},
  eprint        = {2310.11559},
  primaryclass  = {cs.CR},
}

@Misc{Nimble,
  author       = {Sebastian Angel and Aditya Basu and Weidong Cui and Trent Jaeger and Stella Lau and Srinath Setty and Sudheesh Singanamalla},
  howpublished = {Cryptology ePrint Archive, Paper 2023/761},
  note         = {\url{https://eprint.iacr.org/2023/761}},
  title        = {Nimble: Rollback Protection for Confidential Cloud Services (extended version)},
  year         = {2023},
  url          = {https://eprint.iacr.org/2023/761},
}

@Comment{jabref-meta: databaseType:bibtex;}
